<?xml version="1.0" encoding="utf-8"?>
<record xmlns="http://www.loc.gov/MARC21/slim" xmlns:xsi="http://www.w3.org/2001/XMLSchema-instance" xsi:schemaLocation="http://www.loc.gov/MARC21/slim http://www.loc.gov/standards/marcxml/schema/MARC21slim.xsd">
	<leader>     nam a22     Mi 4500</leader>
	<controlfield tag="001">1468692</controlfield>
	<controlfield tag="003">NjP</controlfield>
	<controlfield tag="006">m        d        </controlfield>
	<controlfield tag="007">cr cn |||m|||a</controlfield>
	<controlfield tag="008">210322s1886    ti      o     000 0 arard</controlfield>
	<datafield ind1=" " ind2=" " tag="040">
		<subfield code="a">ZYU</subfield>
		<subfield code="b">ara</subfield>
		<subfield code="e">rda</subfield>
		<subfield code="c">ZYU</subfield>
	</datafield>
	<datafield ind1=" " ind2=" " tag="092">
		<subfield code="a">297.4</subfield>
		<subfield code="b">M984, K62, 1886</subfield>
	</datafield>
	<datafield ind1="1" ind2=" " tag="100">
		<subfield code="6">880-01</subfield>
		<subfield code="a">Mursī, Aḥmad ibn ʻUmar,</subfield>
		<subfield code="d">-1287 or 1288.</subfield>
	</datafield>
	<datafield ind1="1" ind2="0" tag="245">
		<subfield code="6">880-02</subfield>
		<subfield code="a">Kitab laṭāʼif al-minan fī manāqib ʻalam al-muhtadīn wa qudwah al-sālikn Saīdī Abī al-ʻAbbās Aḥmad bin ʻUmar al-Anṣārī al-Mursī, wa shaykh quṭub al-aqṭāb wa dastūr ʻawārif al-maʻārif bi-lā irtiyāb Saīdī Abī al-Ḥasan al-Shādhilī /</subfield>
		<subfield code="c">Shaykh imām Tāj al-Dīn Abī al-Faḍl Aḥmad ibn Fakhral-Dīn Abī Bakr Muḥammad ibn Rashīd al-Dīn Abī Muḥammad ʻAbd al-Karīm ibn ʻAṭāʼ Allāh.</subfield>
	</datafield>
	<datafield ind1="3" ind2=" " tag="246">
		<subfield code="6">880-03</subfield>
		<subfield code="a">Laṭāʼif al-minan fī manāqib ʻalam al-muhtadīn wa qudwah al-sālikn</subfield>
	</datafield>
	<datafield ind1=" " ind2=" " tag="260">
		<subfield code="6">880-04</subfield>
		<subfield code="a">[Tūnis] :</subfield>
		<subfield code="b">Maṭbaʻah al-Dawlah al-Tūnisȳah bi-Ḥāḍaratihā al-Maḥmīyah,</subfield>
		<subfield code="c">1304 [1886?]</subfield>
	</datafield>
	<datafield ind1=" " ind2=" " tag="300">
		<subfield code="a">online resource (187 pages)</subfield>
	</datafield>
	<datafield ind1=" " ind2=" " tag="336">
		<subfield code="a">text</subfield>
		<subfield code="2">rdacontent</subfield>
	</datafield>
	<datafield ind1=" " ind2=" " tag="337">
		<subfield code="a">computer</subfield>
		<subfield code="2">rdamedia</subfield>
	</datafield>
	<datafield ind1=" " ind2=" " tag="338">
		<subfield code="a">online resource</subfield>
		<subfield code="2">rdacarrier</subfield>
	</datafield>
	<datafield ind1=" " ind2=" " tag="500">
		<subfield code="a">Part of the Arabic Collections Online (ACO) project, contributed by Princeton University Libraries.</subfield>
	</datafield>
	<datafield ind1=" " ind2=" " tag="533">
		<subfield code="a">Electronic reproduction.</subfield>
		<subfield code="b">New York, N.Y. :</subfield>
		<subfield code="c">New York University,</subfield>
		<subfield code="d">2021.</subfield>
		<subfield code="5">NNU</subfield>
	</datafield>
	<datafield ind1=" " ind2="0" tag="650">
		<subfield code="a">Sufism.</subfield>
	</datafield>
	<datafield ind1=" " ind2="7" tag="650">
		<subfield code="a">Sufism.</subfield>
		<subfield code="2">fast</subfield>
		<subfield code="0">(OCoLC)fst01137257</subfield>
	</datafield>
	<datafield ind1="1" ind2=" " tag="700">
		<subfield code="6">880-05</subfield>
		<subfield code="a">Ibn ʻAṭāʼ Allāh, Aḥmad ibn Muḥammad,</subfield>
		<subfield code="d">-1309.</subfield>
	</datafield>
	<datafield ind1="2" ind2=" " tag="710">
		<subfield code="a">Princeton University.</subfield>
		<subfield code="b">Library.</subfield>
	</datafield>
	<datafield ind1="0" ind2=" " tag="730">
		<subfield code="a">Arabic Collections Online.</subfield>
	</datafield>
	<datafield ind1="0" ind2="8" tag="776">
		<subfield code="i">Online version:</subfield>
		<subfield code="a">Mursī, Aḥmad ibn ʻUmar, -1287 or 8.</subfield>
		<subfield code="t">Kitab latāʼif al-minan fī manāqib ʻilm al-muhtadīn wa qudwah al-sāliktn.</subfield>
		<subfield code="d">[Tunisia] : Maṭbaʻah al-Dawlah al-Tūnisȳah bi Hāḍaratihā al-Maḥnīyah, 1304 [1886?]</subfield>
		<subfield code="w">(OCoLC)656703198</subfield>
	</datafield>
	<datafield ind1="0" ind2="8" tag="776">
		<subfield code="i">Print version:</subfield>
		<subfield code="a">Mursī, Aḥmad ibn ʻUmar, -1287 or 1288.</subfield>
		<subfield code="t">Kitab laṭāʼif al-minan fī manāqib ʻalam al-muhtadīn wa qudwah al-sālikn Saīdī Abī al-ʻAbbās Aḥmad bin ʻUmar al-Anṣārī al-Mursī, wa shaykh quṭub al-aqṭāb wa dastūr ʻawārif al-maʻārif bi-lā irtiyāb Saīdī Abī al-Ḥasan al-Shādhilī</subfield>
		<subfield code="w">(NjP)1468692</subfield>
		<subfield code="w">(OCoLC)31058462</subfield>
	</datafield>
	<datafield ind1="4" ind2="0" tag="856">
		<subfield code="u">http://hdl.handle.net/2333.1/brv15r00</subfield>
	</datafield>
	<datafield ind1="1" ind2=" " tag="880">
		<subfield code="6">100-01</subfield>
		<subfield code="a">مرسي، احمد بن عمر،</subfield>
		<subfield code="d">-1287 or 1288.</subfield>
	</datafield>
	<datafield ind1="1" ind2="0" tag="880">
		<subfield code="6">245-02</subfield>
		<subfield code="a">كتب لطائف المنن في مناقب علم المهتدين و قدوة السالكين سيدي ابي العباس احمد بن عمر الانصاري المرسي، و شيخ قطب الاقطاب و دستور عوارف المعارف بلا ارتياب سيدي ابي الحسن الشاذلي /</subfield>
		<subfield code="c">شيخ امام تاج الدين ابي الفضل احمد بن فخرلدين ابي بكر محمد بن رشيد الدين ابي محمد عبد الكريم بن عطاء الله.</subfield>
	</datafield>
	<datafield ind1="3" ind2=" " tag="880">
		<subfield code="6">246-03</subfield>
		<subfield code="a">لطائف المنن في مناقب علم المهتدين و قدوة السالكين</subfield>
	</datafield>
	<datafield ind1=" " ind2=" " tag="880">
		<subfield code="6">260-04</subfield>
		<subfield code="a">[تونس] :</subfield>
		<subfield code="b">مطبعة الدولة التونسية بحاضرتها المحمية،</subfield>
		<subfield code="c">1304 [1886؟]</subfield>
	</datafield>
	<datafield ind1="1" ind2=" " tag="880">
		<subfield code="6">700-05</subfield>
		<subfield code="a">ابن عطاء الله، احمد بن محمد،</subfield>
		<subfield code="d">-1309.</subfield>
	</datafield>
	<datafield ind1=" " ind2=" " tag="959">
		<subfield code="a">NNU</subfield>
		<subfield code="b">WEB</subfield>
		<subfield code="c">GENI</subfield>
		<subfield code="t">0</subfield>
		<subfield code="m">Electronic access</subfield>
		<subfield code="s">01</subfield>
	</datafield>
	<datafield ind1=" " ind2=" " tag="999">
		<subfield code="i">NjP_1468692</subfield>
		<subfield code="o">(OCoLC)ocm31058462</subfield>
		<subfield code="s">princeton_aco004459:</subfield>
		<subfield code="e">(ERROR-880)(ERROR-MISC)</subfield>
		<subfield code="s">princeton_aco004459:</subfield>
	</datafield>
</record>
